<record><leader>00000cas a22000007a 4500</leader><controlfield tag="001">33989365</controlfield><controlfield tag="008">960104c19829999okuwr n       0    0eng d</controlfield><datafield ind1=" " ind2=" " tag="010"><subfield code="a">sn 95076397 </subfield></datafield><datafield ind1=" " ind2=" " tag="040"><subfield code="a">OBN</subfield><subfield code="b">eng</subfield><subfield code="c">OBN</subfield><subfield code="d">OCLCQ</subfield><subfield code="d">OCLCF</subfield><subfield code="d">OCLCO</subfield></datafield><datafield ind1="1" ind2=" " tag="029"><subfield code="a">AU@</subfield><subfield code="b">000025859489</subfield></datafield><datafield ind1=" " ind2=" " tag="042"><subfield code="a">msc</subfield></datafield><datafield ind1="0" ind2=" " tag="130"><subfield code="a">Skiatook journal (Skiatook, Okla. : 1981)</subfield></datafield><datafield ind1="0" ind2="0" tag="245"><subfield code="a">Skiatook journal.</subfield></datafield><datafield ind1="3" ind2=" " tag="246"><subfield code="a">Skiatook journal &amp; pennysaver</subfield></datafield><datafield ind1=" " ind2=" " tag="260"><subfield code="a">Skiatook, Okla. :</subfield><subfield code="b">Bill Retherford</subfield></datafield><datafield ind1=" " ind2=" " tag="300"><subfield code="a">v.</subfield></datafield><datafield ind1=" " ind2=" " tag="310"><subfield code="a">Weekly</subfield></datafield><datafield ind1="0" ind2=" " tag="362"><subfield code="a">Vol. 2, no. 17 (Jan. 6, 1982)-</subfield></datafield><datafield ind1="1" ind2=" " tag="362"><subfield code="a">Began in 1981.</subfield></datafield><datafield ind1=" " ind2="0" tag="651"><subfield code="a">Skiatook (Okla.)</subfield><subfield code="v">Newspapers.</subfield></datafield><datafield ind1=" " ind2="0" tag="651"><subfield code="a">Tulsa County (Okla.)</subfield><subfield code="v">Newspapers.</subfield></datafield><datafield ind1=" " ind2="7" tag="655"><subfield code="a">Newspapers.</subfield><subfield code="2">fast</subfield><subfield code="0">(OCoLC)fst01423814</subfield></datafield><datafield ind1=" " ind2="7" tag="651"><subfield code="a">Oklahoma</subfield><subfield code="z">Skiatook.</subfield><subfield code="2">fast</subfield><subfield code="0">(OCoLC)fst01874798</subfield></datafield><datafield ind1=" " ind2="7" tag="651"><subfield code="a">Oklahoma</subfield><subfield code="z">Tulsa County.</subfield><subfield code="2">fast</subfield><subfield code="0">(OCoLC)fst01220997</subfield></datafield><datafield ind1=" " ind2=" " tag="752"><subfield code="a">United States</subfield><subfield code="b">Oklahoma</subfield><subfield code="c">Tulsa</subfield><subfield code="d">Skiatook.</subfield></datafield><datafield ind1="0" ind2="0" tag="780"><subfield code="t">Skiatook journal &amp; pennysaver</subfield><subfield code="w">(DLC)sn 95076396</subfield><subfield code="w">(OCoLC)33989290</subfield></datafield></record>